@book{rapaport,
  title={Philosophy of Computer Science: An Introduction to the Issues and the Literature},
  author={Rapaport, William J.},
  year={2005},
  publisher={State University of New York Press}
}

@book{russell,
  title={Artificial Intelligence: A Modern Approach},
  author={Russell, Stuart J. and Norvig, Peter},
  edition={4},
  year={1995},
  publisher={Pearson}
}